<record><leader>00000cas a22000007a 4500</leader><controlfield tag="001">17209603</controlfield><controlfield tag="008">871209c198u9999txuwr ne      0   a0eng d</controlfield><datafield ind1=" " ind2=" " tag="010"><subfield code="a">sn 87007512 </subfield></datafield><datafield ind1=" " ind2=" " tag="040"><subfield code="a">NSD</subfield><subfield code="b">eng</subfield><subfield code="c">NSD</subfield><subfield code="d">OCLCQ</subfield></datafield><datafield ind1=" " ind2=" " tag="012"><subfield code="m">1</subfield></datafield><datafield ind1="1" ind2=" " tag="022"><subfield code="a">0896-5943</subfield><subfield code="l">0896-5943</subfield><subfield code="2">1</subfield></datafield><datafield ind1=" " ind2=" " tag="032"><subfield code="a">085890</subfield><subfield code="b">USPS</subfield></datafield><datafield ind1=" " ind2=" " tag="037"><subfield code="b">Ellis County Publishing Inc., 109 W. Knox St., P.O. Box 426, Ennis, TX 75119</subfield></datafield><datafield ind1=" " ind2=" " tag="042"><subfield code="a">nsdp</subfield></datafield><datafield ind1="0" ind2=" " tag="130"><subfield code="a">Press (Ennis, Tex.)</subfield></datafield><datafield ind1=" " ind2="4" tag="222"><subfield code="a">The Press</subfield><subfield code="b">(Ennis, Tex.)</subfield></datafield><datafield ind1="1" ind2="4" tag="245"><subfield code="a">The press.</subfield></datafield><datafield ind1=" " ind2=" " tag="260"><subfield code="a">Ennis, Tex. :</subfield><subfield code="b">Ellis County Pub.</subfield></datafield><datafield ind1=" " ind2=" " tag="300"><subfield code="a">v.</subfield></datafield><datafield ind1=" " ind2=" " tag="310"><subfield code="a">Weekly</subfield></datafield><datafield ind1=" " ind2=" " tag="588"><subfield code="a">Description based on: Vol. 13, no. 6 (Wednesday, Nov. 4, 1987).</subfield></datafield><datafield ind1=" " ind2=" " tag="752"><subfield code="a">United States</subfield><subfield code="b">Texas</subfield><subfield code="c">Ellis</subfield><subfield code="d">Ennis.</subfield></datafield><datafield ind1="0" ind2="0" tag="780"><subfield code="t">Ennis Press</subfield><subfield code="x">0745-8541</subfield><subfield code="w">(DLC)sn 83007800</subfield></datafield></record>